@misc{world2007cost,
  title={Cost of pollution in China: Economic estimates of physical damages},
  author={World{ }Bank},
  year={2007},
  publisher={World Bank Washington, DC}
}
@misc{world2006china,
	title={China Water Quality Management: Policy and Institutional Considerations},
	author={World{ }Bank},
	year={2006},
	publisher={World Bank Washington, DC}
}
@article{liu2018corporate,
	title={Corporate pollution control strategies and labor demand: evidence from China’s manufacturing sector},
	author={Liu, Mengdi and Zhang, Bing and Geng, Qiang},
	journal={Journal of Regulatory Economics},
	volume={53},
	number={3},
	pages={298--326},
	year={2018},
	publisher={Springer}
}
@article{he2020watering,
	title={Watering down environmental regulation in China},
	author={He, Guojun and Wang, Shaoda and Zhang, Bing},
	journal={The Quarterly Journal of Economics},
	volume={135},
	number={4},
	pages={2135--2185},
	year={2020},
	publisher={Oxford University Press}
}
@article{greenstone2003estimating,
	title={Estimating regulation-induced substitution: The effect of the Clean Air Act on water and ground pollution},
	author={Greenstone, Michael},
	journal={American Economic Review},
	volume={93},
	number={2},
	pages={442--448},
	year={2003}
}
@article{mcguire1982regulation,
	title={Regulation, factor rewards, and international trade},
	author={McGuire, Martin C},
	journal={Journal of public economics},
	volume={17},
	number={3},
	pages={335--354},
	year={1982},
	publisher={Elsevier}
}
@article{porter1995green,
	title={Green and competitive: ending the stalemate},
	author={Porter, Michael and Van der Linde, Claas},
	journal={The Dynamics of the eco-efficient economy: environmental regulation and competitive advantage},
	volume={33},
	year={1995}
}
@article{porter1995toward,
	title={Toward a new conception of the environment-competitiveness relationship},
	author={Porter, Michael E and Van der Linde, Claas},
	journal={Journal of economic perspectives},
	volume={9},
	number={4},
	pages={97--118},
	year={1995}
}
@article{dechezlepretre2017impacts,
	title={The impacts of environmental regulations on competitiveness},
	author={Dechezlepr{\^e}tre, Antoine and Sato, Misato},
	journal={Review of Environmental Economics and Policy},
	volume={11},
	number={2},
	pages={183--206},
	year={2017},
	publisher={Oxford University Press}
}
@article{王兵2008环境管制与全要素生产率增长,
	title={环境管制与全要素生产率增长: APEC 的实证研究},
	author={王兵 and 吴延瑞 and 颜鹏飞},
	journal={经济研究},
	volume={5},
	pages={19--32},
	year={2008}
}
@article{zhang2018does,
	title={Does central supervision enhance local environmental enforcement? Quasi-experimental evidence from China},
	author={Zhang, Bing and Chen, Xiaolan and Guo, Huanxiu},
	journal={Journal of Public Economics},
	volume={164},
	pages={70--90},
	year={2018},
	publisher={Elsevier}
}
@article{包群2013环境管制抑制了污染排放吗,
	title={环境管制抑制了污染排放吗?},
	author={包群 and 邵敏 and 杨大利},
	journal={经济研究},
	volume={12},
	pages={42--54},
	year={2013}
}
@article{余长林2015环境管制对中国环境污染的影响,
	title={环境管制对中国环境污染的影响——基于隐性经济的视角},
	author={余长林 and 高宏建},
	journal={中国工业经济},
	number={7},
	pages={21--35},
	year={2015}
}
@article{greenstone2004did,
	title={Did the Clean Air Act cause the remarkable decline in sulfur dioxide concentrations?},
	author={Greenstone, Michael},
	journal={Journal of environmental economics and management},
	volume={47},
	number={3},
	pages={585--611},
	year={2004},
	publisher={Elsevier}
}
@article{auffhammer2009measuring,
	title={Measuring the effects of the Clean Air Act Amendments on ambient PM10 concentrations: The critical importance of a spatially disaggregated analysis},
	author={Auffhammer, Maximilian and Bento, Antonio M and Lowe, Scott E},
	journal={Journal of Environmental Economics and Management},
	volume={58},
	number={1},
	pages={15--26},
	year={2009},
	publisher={Elsevier}
}
@article{auffhammer2011clearing,
	title={Clearing the air? The effects of gasoline content regulation on air quality},
	author={Auffhammer, Maximilian and Kellogg, Ryan},
	journal={American Economic Review},
	volume={101},
	number={6},
	pages={2687--2722},
	year={2011}
}
@article{gibson2019regulation,
	title={Regulation-induced pollution substitution},
	author={Gibson, Matthew},
	journal={Review of Economics and Statistics},
	volume={101},
	number={5},
	pages={827--840},
	year={2019},
	publisher={MIT Press}
}
@incollection{holland2011spillovers,
	title={Spillovers from climate policy to other pollutants},
	author={Holland, Stephen P},
	booktitle={The design and implementation of US climate policy},
	pages={79--90},
	year={2011},
	publisher={University of Chicago Press}
}
@article{王杰2014环境规制与企业全要素生产率,
	title={环境规制与企业全要素生产率——基于中国工业企业数据的经验分析},
	author={王杰 and 刘斌},
	journal={中国工业经济},
	number={3},
	pages={44--56},
	year={2014}
}
@article{gollop1983environmental,
	title={Environmental regulations and productivity growth: The case of fossil-fueled electric power generation},
	author={Gollop, Frank M and Roberts, Mark J},
	journal={Journal of political Economy},
	volume={91},
	number={4},
	pages={654--674},
	year={1983},
	publisher={The University of Chicago Press}
}
@article{hamamoto2006environmental,
	title={Environmental regulation and the productivity of Japanese manufacturing industries},
	author={Hamamoto, Mitsutsugu},
	journal={Resource and energy economics},
	volume={28},
	number={4},
	pages={299--312},
	year={2006},
	publisher={Elsevier}
}
@article{berman2001environmental,
	title={Environmental regulation and productivity: evidence from oil refineries},
	author={Berman, Eli and Bui, Linda TM},
	journal={Review of Economics and Statistics},
	volume={83},
	number={3},
	pages={498--510},
	year={2001},
	publisher={MIT Press}
}
@article{berman2001_2,
	title={Environmental regulation and labor demand: Evidence from the south coast air basin},
	author={Berman, Eli and Bui, Linda TM},
	journal={Journal of Public Economics},
	volume={79},
	number={2},
	pages={265--295},
	year={2001},
	publisher={Elsevier}
}
@article{wang2018environmental,
	title={Environmental regulation, emissions and productivity: Evidence from Chinese COD-emitting manufacturers},
	author={Wang, Chunhua and Wu, JunJie and Zhang, Bing},
	journal={Journal of Environmental Economics and Management},
	volume={92},
	pages={54--73},
	year={2018},
	publisher={Elsevier}
}
@article{deily1991enforcement,
	title={Enforcement of pollution regulations in a declining industry},
	author={Deily, Mary E and Gray, Wayne Burger and others},
	journal={Journal of Environmental Economics and Management},
	volume={21},
	number={3},
	pages={260--274},
	year={1991},
	publisher={Citeseer}
}
@article{he2002urban,
	title={Urban air pollution in China: current status, characteristics, and progress},
	author={He, Kebin and Huo, Hong and Zhang, Qiang},
	journal={Annual review of energy and the environment},
	volume={27},
	number={1},
	pages={397--431},
	year={2002},
	publisher={Annual Reviews 4139 El Camino Way, PO Box 10139, Palo Alto, CA 94303-0139, USA}
}
@article{greenstone2014environmental,
	title={Environmental regulations, air and water pollution, and infant mortality in India},
	author={Greenstone, Michael and Hanna, Rema},
	journal={American Economic Review},
	volume={104},
	number={10},
	pages={3038--72},
	year={2014}
}
@article{walker2011environmental,
	title={Environmental regulation and labor reallocation: Evidence from the Clean Air Act},
	author={Walker, W Reed},
	journal={American Economic Review},
	volume={101},
	number={3},
	pages={442--47},
	year={2011}
}
@article{盛丹2019两控区环境管制与企业全要素生产率增长,
	title={两控区环境管制与企业全要素生产率增长},
	author={盛丹 and 张国峰},
	journal={管理世界},
	volume={35},
	number={2},
	pages={24--42},
	year={2019}
}
@article{levinson2008unmasking,
	title={Unmasking the pollution haven effect},
	author={Levinson, Arik and Taylor, M Scott},
	journal={International economic review},
	volume={49},
	number={1},
	pages={223--254},
	year={2008},
	publisher={Wiley Online Library}
}
@article{aichele2015kyoto,
	title={Kyoto and carbon leakage: An empirical analysis of the carbon content of bilateral trade},
	author={Aichele, Rahel and Felbermayr, Gabriel},
	journal={Review of Economics and Statistics},
	volume={97},
	number={1},
	pages={104--115},
	year={2015},
	publisher={MIT Press}
}
@article{hanna2010us,
	title={US environmental regulation and FDI: evidence from a panel of US-based multinational firms},
	author={Hanna, Rema},
	journal={American Economic Journal: Applied Economics},
	volume={2},
	number={3},
	pages={158--89},
	year={2010}
}
@article{王兵2010中国区域环境效率与环境全要素生产率增长,
	title={中国区域环境效率与环境全要素生产率增长},
	author={王兵 and 吴延瑞 and 颜鹏飞},
	journal={经济研究},
	number={5},
	pages={95--109},
	year={2010}
}
@article{杜龙政2019环境规制,
	title={环境规制, 治理转型对绿色竞争力提升的复合效应——基于中国工业的经验证据},
	author={杜龙政 and 赵云辉 and 陶克涛 and 林伟芬},
	journal={经济研究},
	number={10},
	pages={8},
	year={2019}
}
@article{李虹2018环境规制,
	title={环境规制, 资源禀赋与城市产业转型研究——基于资源型城市与非资源型城市的对比分析},
	author={李虹 and 邹庆},
	journal={经济研究},
	volume={53},
	number={11},
	pages={182--198},
	year={2018}
}
@article{沈坤荣2017环境规制引起了污染就近转移吗,
	title={环境规制引起了污染就近转移吗?},
	author={沈坤荣 and 金刚 and 方娴},
	journal={经济研究},
	volume={5},
	pages={44--59},
	year={2017}
}
@article{李树2013环境管制与生产率增长,
	title={环境管制与生产率增长——以 APPCL2000 的修订为例},
	author={李树 and 陈刚},
	journal={经济研究},
	number={1},
	pages={17--31},
	year={2013}
}
@article{muller2009efficient,
	title={Efficient pollution regulation: getting the prices right},
	author={Muller, Nicholas Z and Mendelsohn, Robert},
	journal={American Economic Review},
	volume={99},
	number={5},
	pages={1714--39},
	year={2009}
}
@article{becker2000effects,
	title={Effects of air quality regulations on polluting industries},
	author={Becker, Randy and Henderson, Vernon},
	journal={Journal of political Economy},
	volume={108},
	number={2},
	pages={379--421},
	year={2000},
	publisher={The University of Chicago Press}
}
@article{GREENSTONE200921,
	title = "Quasi-experimental and experimental approaches to environmental economics",
	journal = "Journal of Environmental Economics and Management",
	volume = "57",
	number = "1",
	pages = "21 - 44",
	year = "2009",
	note = "Frontiers of Environmental and Resource Economics",
	issn = "0095-0696",
	author = "Michael Greenstone and Ted Gayer"

}